<?xml version="1.0" encoding="UTF-8"?><collection xmlns="http://www.loc.gov/MARC21/slim"><record><leader>00336nam--2200133-i-4500</leader><controlfield tag="001">000018986</controlfield><controlfield tag="002">20161230</controlfield><controlfield tag="005">20161230201033</controlfield><controlfield tag="008">060222s1000------------r-----000-0-eng-d</controlfield><datafield ind1=" " ind2=" " tag="080"><subfield code="a">621.384.6</subfield></datafield><datafield ind1=" " ind2=" " tag="245"><subfield code="a">Focusing of charged particles</subfield></datafield><datafield ind1=" " ind2=" " tag="260"><subfield code="a">New York, Academic Press, 1967. Xiii + 509 P</subfield></datafield><datafield ind1=" " ind2=" " tag="700"><subfield code="a">Septier, Albert</subfield></datafield><datafield ind1=" " ind2=" " tag="852"><subfield code="a">27266</subfield></datafield></record></collection>